<record><leader>00000cas a2200000 a 4500</leader><controlfield tag="001">25169238</controlfield><controlfield tag="008">920127d19551959iluwr ne      0    0eng c</controlfield><datafield ind1=" " ind2=" " tag="010"><subfield code="a">sn 92053119 </subfield></datafield><datafield ind1=" " ind2=" " tag="040"><subfield code="a">NVF</subfield><subfield code="b">eng</subfield><subfield code="c">NVF</subfield><subfield code="d">NVF</subfield><subfield code="d">OCLCQ</subfield><subfield code="d">OCLCF</subfield><subfield code="d">OCLCO</subfield></datafield><datafield ind1="1" ind2=" " tag="029"><subfield code="a">AU@</subfield><subfield code="b">000020674164</subfield></datafield><datafield ind1=" " ind2=" " tag="042"><subfield code="a">pcc</subfield></datafield><datafield ind1=" " ind2=" " tag="043"><subfield code="a">n-us-il</subfield></datafield><datafield ind1="0" ind2="4" tag="245"><subfield code="a">The Homer chamilion.</subfield></datafield><datafield ind1=" " ind2=" " tag="260"><subfield code="a">Homer, Champaign County, Ill. :</subfield><subfield code="b">Robert N. and Barbara A. Butler,</subfield><subfield code="c">1955-1959.</subfield></datafield><datafield ind1=" " ind2=" " tag="300"><subfield code="a">v.</subfield></datafield><datafield ind1=" " ind2=" " tag="310"><subfield code="a">Weekly</subfield></datafield><datafield ind1="0" ind2=" " tag="362"><subfield code="a">Vol. 2, no. 32 (Feb. 11, 1955)-</subfield></datafield><datafield ind1="1" ind2=" " tag="362"><subfield code="a">Ceased in 1959.</subfield></datafield><datafield ind1=" " ind2=" " tag="515"><subfield code="a">Continues the numbering of Homer herald (Homer, Ill.).</subfield></datafield><datafield ind1=" " ind2=" " tag="588"><subfield code="a">Latest issue consulted: Sept. 25, 1959.</subfield></datafield><datafield ind1=" " ind2="0" tag="651"><subfield code="a">Homer (Ill.)</subfield><subfield code="v">Newspapers.</subfield></datafield><datafield ind1=" " ind2="0" tag="651"><subfield code="a">Champaign County (Ill.)</subfield><subfield code="v">Newspapers.</subfield></datafield><datafield ind1=" " ind2="7" tag="655"><subfield code="a">Newspapers.</subfield><subfield code="2">fast</subfield><subfield code="0">(OCoLC)fst01423814</subfield></datafield><datafield ind1=" " ind2="7" tag="651"><subfield code="a">Illinois</subfield><subfield code="z">Champaign County.</subfield><subfield code="2">fast</subfield><subfield code="0">(OCoLC)fst01208069</subfield></datafield><datafield ind1=" " ind2="7" tag="651"><subfield code="a">Illinois</subfield><subfield code="z">Homer.</subfield><subfield code="2">fast</subfield><subfield code="0">(OCoLC)fst01228664</subfield></datafield><datafield ind1=" " ind2=" " tag="752"><subfield code="a">United States</subfield><subfield code="b">Illinois</subfield><subfield code="c">Champaign</subfield><subfield code="d">Homer.</subfield></datafield><datafield ind1="0" ind2="0" tag="780"><subfield code="t">Homer herald (Homer, Ill.)</subfield><subfield code="w">(DLC)sn 92053118</subfield><subfield code="w">(OCoLC)25169192</subfield></datafield><datafield ind1="0" ind2="4" tag="785"><subfield code="t">Homer enterprise</subfield><subfield code="w">(DLC)sn 87082788</subfield><subfield code="w">(OCoLC)15876152</subfield></datafield></record>